@book{Pierce02,
  author="Benjamin C. Pierce",
  title="Types and Programming Languages",
  publisher="The MIT Press",
  year=2002
}


